@article{chen2012,
	author = {Chen, H. and Chiang, R. H. and Storey, V. C.},
	year = {2012},
	title = {Business intelligence and analytics: From big data to big impact},
	journal = {MIS Quarterly},
	volume = {36},
	number = {4},
	pages = {1165-1188}
}

@online{densowave2011,
	author = {Denso Wave Incorporated},
	year = {2011},
	title = {History of QR code},
	url = {https://www.qrcode.com/en/history/},
	urldate = {2024-04-14}
}

@online{barcode2023,
	year = {2023},
	title = {History of Barcodes},
	url = {https://www.barcodeproducts.co.nz/frequently_asked_questions_faq/barcodes_info},
	urldate = {2024-04-14}
}

@article{grewal2011,
	author = {Grewal, D. and Roggeveen, A. L. and Nordfält, J.},
	year = {2011},
	title = {Retail value-based pricing strategies: New times, new technologies, new consumers},
	journal = {Journal of Retailing},
	volume = {87},
	number = {1},
	pages = {1-6}
}

@article{huang2006,
	author = {Huang, Y. and Oppewal, H.},
	year = {2006},
	title = {Why consumers hesitate to shop online: An experimental choice analysis of grocery shopping and the role of delivery fees},
	journal = {International Journal of Retail and Distribution Management},
	volume = {34},
	number = {4/5},
	pages = {334-353}
}

@article{pentina2014,
	author = {Pentina, I. and Tarafdar, M.},
	year = {2014},
	title = {From “information” to “knowing”: Exploring the role of social media in contemporary news consumption},
	journal = {Computers in Human Behavior},
	volume = {35},
	pages = {211-223}
}

@online{rao2011,
	author = {Leena Rao},
	year = {2011},
	month = {11},
	day = {03},
	title = {Facebook Co-Founder Eduardo Saverin Leads 7M dollar Round In Scanning And Product Search App ShopSavvy},
	url = {https://techcrunch.com/2011/11/02/facebook-co-founder-eduardo-saverin-leads-7m-round-in-scanning-and-product-search-app-shopsavvy},
	urldate = {2024-04-14}
}

@online{weightman2015,
	author = {Weightman, Gavin},
	year = {2015},
	title = {The History of the Bar Code},
	url = {https://www.smithsonianmag.com/innovation/history-bar-code-180956704/},
	urldate = {2024-04-14}
}

@online{Forbes2005,
	author = {Forbes},
	title = {ROUNDUP GUS' Experian buys PriceGrabber.com for 485 mln usd},
	year = {2005},
	month = {12},
	day = {14},
	url = {https://web.archive.org/web/20051,216080349/http://www.forbes.com/home/feeds/afx/2005/12/14/afx2390699.html},
	urldate = {2024-04-14}
}

@online{Connexity2015,
	author = {PR Newswire},
	title = {Connexity Acquires PriceGrabber},
	year = {2015},
	month = {6},
	day = {16},
	url = {https://www.prnewswire.com/news-releases/connexity-acquires-pricegrabber-300099651.html},
	urldate = {2024-04-14}
}

@online{HarnickPriceGrabberApp,
	author = {Chris Harnick},
	title = {PriceGrabber launches mobile shopping app},
	year = {n.d.},
	url = {https://www.retaildive.com/ex/mobilecommercedaily/pricegrabber-launches-mobile-shopping-app},
	urldate = {2024-04-14}
}

@online{Google2023,
	author = {Google},
	title = {How Google Shopping works},
	url = {https://support.google.com/faqs/answer/2987537?hl=en},
	year = {2023},
	urldate = {2024-04-14}
}

@online{PriceRunnerTerms2023,
	author = {PriceRunner},
	title = {How Does It Work},
	year = {2023},
	url = {https://www.pricerunner.com/info/setup},
	urldate = {2024-04-14}
}

@online{PriceRunnerFaq2023,
	author = {PriceRunner},
	title = {FAQ for Retailers},
	year = {2023},
	url = {https://www.pricerunner.com/info/faq-for-retailers},
	urldate = {2024-04-14}
}

@online{PriceRunnerApp2023,
	author = {PriceRunner},
	title = {App},
	year = {2023},
	url = {https://www.pricerunner.com/info/iphone},
	urldate = {2024-04-14}
}

@online{PriceRunner2023,
	author = {PriceRunner},
	title = {About PriceRunner},
	year = {2023},
	url = {https://www.pricerunner.com/info/about-pricerunner},
	urldate = {2024-04-14}
}

@online{ShopSavvyAbout,
	author = {ShopSavvy},
	title = {About ShopSavvy},
	year = {2023},
	url = {https://shopsavvy.com/about},
	urldate = {2024-04-14}
}

@online{PymntsShopSavvy,
	author = {PYMNTS},
	title = {ShopSavvy And Discounts 2.0},
	year = {2015},
	month = {May},
	day = {4},
	url = {https://www.pymnts.com/exclusive-series/2015/shopsavvy-and-discounts-2-0/},
	urldate = {2024-04-14}
}

@online{shopsavvy2020,
	title={ShopSavvy Product Search Technology Now Available on Chrome},
	url={https://www.prdistribution.com/news/shopsavvy-product-search-technology-now-available-on-chrome/5550432},
	year={2020},
	month={May},
	urldate = {2024-04-14}
}

@online{karacsony2019,
	author={Karácsony, Tamás},
	title={Árukereső, miért keresünk fel téged?},
	url={https://hold.hu/holdblog/arukereso/},
	year={2019},
	month={Oct},
	day={7},
	urldate = {2024-04-14}
}

@online{arukereso,
	title={Megbízható Bolt Program},
	year={2023},
	url={https://www.arukereso.hu/static/megbizhato_bolt_program.html},
	urldate = {2024-04-14}
}

@online{arukeresoLinkedin,
	title={LinkedIn - Árukereső},
	year={2023},
	url={https://www.linkedin.com/company/arukereso/about/},
	urldate = {2024-04-14}
}

@online{maradokapenzemnel2021,
	author = {maradokapénzemnél},
	title = {Így maxolhatod ki a spórolást a cashmap.hu-n},
	year = {2021},
	url = {https://cashmap.blog.hu/2021/05/21/igy_maxolhatod_ki_a_sporolast_a_cashmap_hu-n},
	urldate = {2024-04-14}
}

@online{mvp,
	title = {Minimum Vieable Product (MVP)},
	url = {https://www.productplan.com/glossary/minimum-viable-product/},
	urldate = {2024-04-14}
}

@online{userFriendly,
	author = {AiloitteAdmin},
	title = {What is Mobile User Interface (UI) Design? A Beginner’s Guide},
	year = {2023},
	month={May},
	day={23},
	url = {https://www.ailoitte.com/blog/ui-design-mobile-apps/},
	urldate = {2024-04-14}
}

@online{whatIsSoftwareTesting1,
	title = {What is Software Testing?},
	year = {2024},
	month={March},
	day={19},
	url = {https://www.geeksforgeeks.org/software-testing-basics/},
	urldate = {2024-04-14}
}

@online{whatIsSoftwareTesting2,
	author = {Thomas Hamilton},
	title = {What is Software Testing?},
	year = {2024},
	month={January},
	day={3},
	url = {https://www.guru99.com/software-testing-introduction-importance.html},
	urldate = {2024-04-14}
}

@online{postman,
	title = {Learning Center | Postman},
	url = {https://learning.postman.com},
	urldate = {2024-04-14}
}

@online{moq,
	title = {The most popular and friendly mocking framework for .NET},
	url = {https://github.com/devlooped/moq},
	urldate = {2024-04-14}
}

@online{agile,
	title = {What is Agile? What is Scrum?},
	url = {https://www.cprime.com/resources/what-is-agile-what-is-scrum},
	urldate = {2024-04-14}
}

@online{cleancode,
	author = {MFONIDO MARK},
	title = {Writing Clean Code: Best Practices and Principles},
	year = {2023},
	month={September},
	day={16},
	url = {https://dev.to/favourmark05/writing-clean-code-best-practices-and-principles-3amh},
	urldate = {2024-04-14}
}


